@misc{ ros:about,
title = {ROS},
url = {https://www.ros.org/about-ros/},
urldate = {31/04/2020}
}

@online{ mavlink:about,
author = {MAVLink},
url = {https://mavlink.io/en/},
year = {31/04/2020}
}

@online{ mavros:wiki,
author = {MAVROS},
url = {http://wiki.ros.org/mavros},
year = {31/04/2020}
}

@online{ px4:docs,
author = {PX4},
url = {https://docs.px4.io/master/en/index.html},
year = {31/04/2020}
}

@online{ docker:article,
author = { Steven J. Vaughan-Nichols }, 
url = {https://www.zdnet.com/article/what-is-docker-and-why-is-it-so-darn-popular/},
year = {31/04/2020}
}

@online{ gazebo:org,
author = {GAZEBO},
url = {http://gazebosim.org/},
year = {05/05/2020}
}

@online{ gazebo:wiki,
author = {Wikipedia: The Free Encyclopedia},
url = {https://en.wikipedia.org/wiki/Gazebo_simulator},
year = {05/05/2020}

}

@online{ python:wiki,
author = {wikipedia the free encyclopedia},
url = {https://en.wikipedia.org/wiki/Python_(programming_language)},
year = {05/05/2020}
}

@online{ arducopter:iris,
    author = {arducopter.co},
    url = {http://www.arducopter.co.uk/iris-quadcopter-uav.html)},
    year = {31/05/2020}
}

@book{AI:agent,
    author    = {S. Russel, P. Norvig},
    editor    = {},
    title     = {“Artificial intelligence – A modern approach},
    publisher = {Prentice Hall},
    year      = {1995}
}

@book{AI:guide,
author    = {Lin Padgham, Michael Winikoff},
editor    = {},
title     = {Developing Intelligent Agent Systems: A Practical Guide},
publisher = {John Wiley And Sons},
year      = {2005}
}

@online{ros:nodes,
author = {ROS wiki},
url = {http://wiki.ros.org/ROS/Tutorials/UnderstandingNodes},
year = {31/05/2020}
}

@online{ros:node,
author = {ROS wiki},
url = {http://wiki.ros.org/Nodes},
year = {20/03/2020}
}

@online{ros:callbacks,
author = {ROS wiki},
url = {http://wiki.ros.org/roscpp/Overview/Callbacks%20and%20Spinning},
year = {31/05/2020}
}
@online{ros:topic,
author = {ROS wiki},
url = { http://wiki.ros.org/Topics},
year = {20/03/2020}
}

@online{sim:issue,
author = {PX4 Firmware},
url = {https://github.com/PX4/Firmware/issues/14436},
year = {31/05/2020}
}

@online{blackboard:wiki,
author = {wikipedia the free encyclopedia},
url = {https://en.wikipedia.org/wiki/Blackboard\_system},
year = {20/03/2020}
}

@book{mas:def,
author    = {P. Stone, M. Veloso},
editor    = {},
title     = {Multiagent systems: A survey from a machine learning perspective},
publisher = {Autonomous Robots},
year      = {2000}
}

@online{ros:rviz,
author = {ROS wiki},
url = {http://wiki.ros.org/rviz}
}

@online{mavlink:heartbeat,
author = {mavlink.io},
url = {https://mavlink.io/en/services/heartbeat.html},
year = {17/04/2020}
}

@online{ros:micros_mars_task_alloc,
author = {ROS},
url = {http://wiki.ros.org/micros_mars_task_alloc},
year = {20/04/2020}
}

@book{FIPA-OS,
author    = {Stefan Poslad, Phil Buckle, Rob Hadingham},
editor    = {},
title     = {The FIPA-OS agent platform: Open Source for OpenStandards},
publisher = {Imperial College of Science, Technology and Medicine, Exhibition Road, London, SW7 2BZ},
year      = {2000?}
}

@online{docker:swarm,
author = {Sumo Logic},
url = {https://www.sumologic.com/glossary/docker-swarm/},
year = {31/05/2020}
}

